%% This BibTeX bibliography file was created using BibDesk.
%% https://bibdesk.sourceforge.io/

%% Created for Matt at 2023-03-27 16:54:22 +0100 


%% Saved with string encoding Unicode (UTF-8) 



@article{Gardner2013,
	author = {Gardner, Matt Hunt},
	date-added = {2023-03-27 16:54:19 +0100},
	date-modified = {2023-03-27 16:54:19 +0100},
	journaltitle = {{D}ialectologia et {G}eolinguistica},
	keywords = {Cape Breton, Varieties of English, Slit Fricative},
	number = {1},
	pages = {3--19},
	title = {{T}he Acoustic and Articulatory Characteristics of {C}ape {B}reton Fricative /t/.},
	volume = {21},
	year = {2013},
	bdsk-file-1 = {YnBsaXN0MDDSAQIDBFxyZWxhdGl2ZVBhdGhZYWxpYXNEYXRhXxB4Li4vLi4vUmVmZXJlbmNlcy9QYXBlcnMvR2FyZG5lciAoMjAxMykgLSBUaGUgYWNvdXN0aWMgYW5kIGFydGljdWxhdG9yeSBjaGFyYWN0ZXJpc3RpY3Mgb2YgQ2FwZSBCcmV0b24gZnJpY2F0aXZlIC10LS4ucGRmTxEC0gAAAAAC0gACAAAMTWFjaW50b3NoIEhEAAAAAAAAAAAAAAAAAAAA4Apv6UJEAAH/////H0dhcmRuZXIgKDIwMTMpIC0gVCNGRkZGRkZGRi5wZGYAAAAAAAAAAAAAAAAAAAAAAAAAAAAAAAAAAAAAAAAAAP/////UAyoDAAAAAAAAAAAAAgADAAAKIGN1AAAAAAAAAAAAAAAAAAZQYXBlcnMAAgCcLzpVc2VyczptYXR0OkxpYnJhcnk6Q2xvdWRTdG9yYWdlOkRyb3Bib3g6UmVmZXJlbmNlczpQYXBlcnM6R2FyZG5lciAoMjAxMykgLSBUaGUgYWNvdXN0aWMgYW5kIGFydGljdWxhdG9yeSBjaGFyYWN0ZXJpc3RpY3Mgb2YgQ2FwZSBCcmV0b24gZnJpY2F0aXZlIC10LS4ucGRmAA4AwgBgAEcAYQByAGQAbgBlAHIAIAAoADIAMAAxADMAKQAgAC0AIABUAGgAZQAgAGEAYwBvAHUAcwB0AGkAYwAgAGEAbgBkACAAYQByAHQAaQBjAHUAbABhAHQAbwByAHkAIABjAGgAYQByAGEAYwB0AGUAcgBpAHMAdABpAGMAcwAgAG8AZgAgAEMAYQBwAGUAIABCAHIAZQB0AG8AbgAgAGYAcgBpAGMAYQB0AGkAdgBlACAALQB0AC0ALgAuAHAAZABmAA8AGgAMAE0AYQBjAGkAbgB0AG8AcwBoACAASABEABIAmlVzZXJzL21hdHQvTGlicmFyeS9DbG91ZFN0b3JhZ2UvRHJvcGJveC9SZWZlcmVuY2VzL1BhcGVycy9HYXJkbmVyICgyMDEzKSAtIFRoZSBhY291c3RpYyBhbmQgYXJ0aWN1bGF0b3J5IGNoYXJhY3RlcmlzdGljcyBvZiBDYXBlIEJyZXRvbiBmcmljYXRpdmUgLXQtLi5wZGYAEwABLwAAFQACAAv//wAAAAgADQAaACQAnwAAAAAAAAIBAAAAAAAAAAUAAAAAAAAAAAAAAAAAAAN1},
	bdsk-url-1 = {https://doi.org/10.1515/dialect-2013-0001}}

@book{Belsley1980,
	author = {David A. Belsley and Edwin Kuh and Roy E. Welsch},
	booktitle = {Regression diagnostics},
	date-added = {2023-03-11 19:05:45 +0000},
	date-modified = {2023-03-11 19:05:45 +0000},
	location = {New York},
	publisher = {Wiley},
	subtitle = {Identifying Influential Data and Sources of Collinearity},
	title = {Regression diagnostics},
	year = {1980}}

@book{Baayen2008,
	author = {Baayen, R. Harald},
	booktitle = {Analyzing linguistic data},
	date-added = {2023-03-11 19:02:33 +0000},
	date-modified = {2023-03-11 19:02:33 +0000},
	location = {Cambridge},
	publisher = {Cambridge University Press},
	subtitle = {A practical introduction to statistics using {R}},
	title = {Analyzing linguistic data},
	year = {2008},
	bdsk-file-1 = {YnBsaXN0MDDSAQIDBFxyZWxhdGl2ZVBhdGhZYWxpYXNEYXRhXxBFLi4vLi4vUmVmZXJlbmNlcy9QYXBlcnMvQmFheWVuICgyMDA4KSAtIEFuYWx5emluZyBsaW5ndWlzdGljIGRhdGEucGRmTxECCAAAAAACCAACAAAMTWFjaW50b3NoIEhEAAAAAAAAAAAAAAAAAAAA4Apv6UJEAAH/////H0JhYXllbiAoMjAwOCkgLSBBbiNGRkZGRkZGRi5wZGYAAAAAAAAAAAAAAAAAAAAAAAAAAAAAAAAAAAAAAAAAAP/////Z/DtIAAAAAAAAAAAAAgADAAAKIGN1AAAAAAAAAAAAAAAAAAZQYXBlcnMAAgBpLzpVc2VyczptYXR0OkxpYnJhcnk6Q2xvdWRTdG9yYWdlOkRyb3Bib3g6UmVmZXJlbmNlczpQYXBlcnM6QmFheWVuICgyMDA4KSAtIEFuYWx5emluZyBsaW5ndWlzdGljIGRhdGEucGRmAAAOAFwALQBCAGEAYQB5AGUAbgAgACgAMgAwADAAOAApACAALQAgAEEAbgBhAGwAeQB6AGkAbgBnACAAbABpAG4AZwB1AGkAcwB0AGkAYwAgAGQAYQB0AGEALgBwAGQAZgAPABoADABNAGEAYwBpAG4AdABvAHMAaAAgAEgARAASAGdVc2Vycy9tYXR0L0xpYnJhcnkvQ2xvdWRTdG9yYWdlL0Ryb3Bib3gvUmVmZXJlbmNlcy9QYXBlcnMvQmFheWVuICgyMDA4KSAtIEFuYWx5emluZyBsaW5ndWlzdGljIGRhdGEucGRmAAATAAEvAAAVAAIAC///AAAACAANABoAJABsAAAAAAAAAgEAAAAAAAAABQAAAAAAAAAAAAAAAAAAAng=}}

@book{James2013,
	author = {Gareth James and Daniela Witten and Trevor Hastie and Robert Tibshirani},
	booktitle = {An Introduction to Statistical Learning},
	date-added = {2023-03-11 19:01:19 +0000},
	date-modified = {2023-03-11 19:01:19 +0000},
	location = {New York},
	publisher = {Springer},
	subtitle = {with Applications in \textit{R}},
	title = {An Introduction to Statistical Learning},
	url = {https://link.springer.com/book/10.1007/978-1-4614-7138-7c},
	year = {2013},
	bdsk-url-1 = {https://link.springer.com/book/10.1007/978-1-4614-7138-7c}}

@online{Guy2018,
	author = {{G}uy, {G}regory {R}.},
	date-added = {2023-03-11 16:06:03 +0000},
	date-modified = {2023-03-11 16:06:03 +0000},
	title = {{LVC} Guidelines for Reporting Quantitative Results},
	urlday = {25},
	urlmonth = {01},
	urlyear = {2020},
	year = {2018},
	bdsk-file-1 = {YnBsaXN0MDDSAQIDBFxyZWxhdGl2ZVBhdGhZYWxpYXNEYXRhXxBbLi4vLi4vUmVmZXJlbmNlcy9QYXBlcnMvR3V5ICgyMDE4YSkgLSBMVkMgZ3VpZGVsaW5lcyBmb3IgcmVwb3J0aW5nIHF1YW50aXRhdGl2ZSByZXN1bHRzLnBkZk8RAmAAAAAAAmAAAgAADE1hY2ludG9zaCBIRAAAAAAAAAAAAAAAAAAAAOAKb+lCRAAB/////x9HdXkgKDIwMThhKSAtIExWQyAjRkZGRkZGRkYucGRmAAAAAAAAAAAAAAAAAAAAAAAAAAAAAAAAAAAAAAAAAAD/////2lGffQAAAAAAAAAAAAIAAwAACiBjdQAAAAAAAAAAAAAAAAAGUGFwZXJzAAIAfy86VXNlcnM6bWF0dDpMaWJyYXJ5OkNsb3VkU3RvcmFnZTpEcm9wYm94OlJlZmVyZW5jZXM6UGFwZXJzOkd1eSAoMjAxOGEpIC0gTFZDIGd1aWRlbGluZXMgZm9yIHJlcG9ydGluZyBxdWFudGl0YXRpdmUgcmVzdWx0cy5wZGYAAA4AiABDAEcAdQB5ACAAKAAyADAAMQA4AGEAKQAgAC0AIABMAFYAQwAgAGcAdQBpAGQAZQBsAGkAbgBlAHMAIABmAG8AcgAgAHIAZQBwAG8AcgB0AGkAbgBnACAAcQB1AGEAbgB0AGkAdABhAHQAaQB2AGUAIAByAGUAcwB1AGwAdABzAC4AcABkAGYADwAaAAwATQBhAGMAaQBuAHQAbwBzAGgAIABIAEQAEgB9VXNlcnMvbWF0dC9MaWJyYXJ5L0Nsb3VkU3RvcmFnZS9Ecm9wYm94L1JlZmVyZW5jZXMvUGFwZXJzL0d1eSAoMjAxOGEpIC0gTFZDIGd1aWRlbGluZXMgZm9yIHJlcG9ydGluZyBxdWFudGl0YXRpdmUgcmVzdWx0cy5wZGYAABMAAS8AABUAAgAL//8AAAAIAA0AGgAkAIIAAAAAAAACAQAAAAAAAAAFAAAAAAAAAAAAAAAAAAAC5g==},
	bdsk-url-1 = {http://gregoryrguy.com/wp-content/uploads/Guy-2018-Guidelines-for-reporting-quantitative-results-LVC-Nov-18-2018.pdf}}

@article{Thron2015,
	author = {Christopher Thron and Vincent Miller},
	date-added = {2023-03-11 13:39:21 +0000},
	date-modified = {2023-03-11 13:39:21 +0000},
	doi = {10.3390/socsci4020361},
	journaltitle = {Social Sciences},
	number = {2},
	pages = {361--372},
	publisher = {{MDPI} {AG}},
	title = {Persistent Confusions about Hypothesis Testing in the Social Sciences},
	volume = {4},
	year = 2015,
	bdsk-file-1 = {YnBsaXN0MDDSAQIDBFxyZWxhdGl2ZVBhdGhZYWxpYXNEYXRhXxBwLi4vLi4vUmVmZXJlbmNlcy9QYXBlcnMvVGhyb24gKDIwMTUpIC0gUGVyc2lzdGVudCBDb25mdXNpb25zIGFib3V0IEh5cG90aGVzaXMgVGVzdGluZyBpbiB0aGUgU29jaWFsIFNjaWVuY2VzLnBkZk8RArIAAAAAArIAAgAADE1hY2ludG9zaCBIRAAAAAAAAAAAAAAAAAAAAOAKb+lCRAAB/////x9UaHJvbiAoMjAxNSkgLSBQZXIjRkZGRkZGRkYucGRmAAAAAAAAAAAAAAAAAAAAAAAAAAAAAAAAAAAAAAAAAAD/////4DI05wAAAAAAAAAAAAIAAwAACiBjdQAAAAAAAAAAAAAAAAAGUGFwZXJzAAIAlC86VXNlcnM6bWF0dDpMaWJyYXJ5OkNsb3VkU3RvcmFnZTpEcm9wYm94OlJlZmVyZW5jZXM6UGFwZXJzOlRocm9uICgyMDE1KSAtIFBlcnNpc3RlbnQgQ29uZnVzaW9ucyBhYm91dCBIeXBvdGhlc2lzIFRlc3RpbmcgaW4gdGhlIFNvY2lhbCBTY2llbmNlcy5wZGYADgCyAFgAVABoAHIAbwBuACAAKAAyADAAMQA1ACkAIAAtACAAUABlAHIAcwBpAHMAdABlAG4AdAAgAEMAbwBuAGYAdQBzAGkAbwBuAHMAIABhAGIAbwB1AHQAIABIAHkAcABvAHQAaABlAHMAaQBzACAAVABlAHMAdABpAG4AZwAgAGkAbgAgAHQAaABlACAAUwBvAGMAaQBhAGwAIABTAGMAaQBlAG4AYwBlAHMALgBwAGQAZgAPABoADABNAGEAYwBpAG4AdABvAHMAaAAgAEgARAASAJJVc2Vycy9tYXR0L0xpYnJhcnkvQ2xvdWRTdG9yYWdlL0Ryb3Bib3gvUmVmZXJlbmNlcy9QYXBlcnMvVGhyb24gKDIwMTUpIC0gUGVyc2lzdGVudCBDb25mdXNpb25zIGFib3V0IEh5cG90aGVzaXMgVGVzdGluZyBpbiB0aGUgU29jaWFsIFNjaWVuY2VzLnBkZgATAAEvAAAVAAIAC///AAAACAANABoAJACXAAAAAAAAAgEAAAAAAAAABQAAAAAAAAAAAAAAAAAAA00=}}

@book{Fisher1925,
	author = {Ronald A. Fisher},
	date-added = {2023-03-11 13:36:12 +0000},
	date-modified = {2023-03-11 13:36:12 +0000},
	location = {{E}dinburgh},
	publisher = {Oliver and Boyd},
	title = {Statistical Methods for Research Workers},
	year = {1925}}

@thesis{Gardner2013c,
	author = {Gardner, Matt Hunt},
	date-added = {2023-03-10 16:46:08 +0000},
	date-modified = {2023-03-10 16:46:08 +0000},
	institution = {{U}niversity of {T}oronto},
	keywords = {Cape Breton,},
	location = {{T}oronto},
	title = {Variable word-final (t,d) in {C}ape {B}reton {E}nglish},
	type = {Generals Paper},
	year = {2013},
	bdsk-file-1 = {YnBsaXN0MDDSAQIDBFxyZWxhdGl2ZVBhdGhZYWxpYXNEYXRhXxBdLi4vLi4vUmVmZXJlbmNlcy9QYXBlcnMvR2FyZG5lciAoMjAxMykgLSBWYXJpYWJsZSB3b3JkLWZpbmFsICh0LGQpIGluIENhcGUgQnJldG9uIEVuZ2xpc2gucGRmTxECaAAAAAACaAACAAAMTWFjaW50b3NoIEhEAAAAAAAAAAAAAAAAAAAA4Apv6UJEAAH/////H0dhcmRuZXIgKDIwMTMpIC0gViNGRkZGRkZGRi5wZGYAAAAAAAAAAAAAAAAAAAAAAAAAAAAAAAAAAAAAAAAAAP/////QAECfAAAAAAAAAAAAAgADAAAKIGN1AAAAAAAAAAAAAAAAAAZQYXBlcnMAAgCBLzpVc2VyczptYXR0OkxpYnJhcnk6Q2xvdWRTdG9yYWdlOkRyb3Bib3g6UmVmZXJlbmNlczpQYXBlcnM6R2FyZG5lciAoMjAxMykgLSBWYXJpYWJsZSB3b3JkLWZpbmFsICh0LGQpIGluIENhcGUgQnJldG9uIEVuZ2xpc2gucGRmAAAOAIwARQBHAGEAcgBkAG4AZQByACAAKAAyADAAMQAzACkAIAAtACAAVgBhAHIAaQBhAGIAbABlACAAdwBvAHIAZAAtAGYAaQBuAGEAbAAgACgAdAAsAGQAKQAgAGkAbgAgAEMAYQBwAGUAIABCAHIAZQB0AG8AbgAgAEUAbgBnAGwAaQBzAGgALgBwAGQAZgAPABoADABNAGEAYwBpAG4AdABvAHMAaAAgAEgARAASAH9Vc2Vycy9tYXR0L0xpYnJhcnkvQ2xvdWRTdG9yYWdlL0Ryb3Bib3gvUmVmZXJlbmNlcy9QYXBlcnMvR2FyZG5lciAoMjAxMykgLSBWYXJpYWJsZSB3b3JkLWZpbmFsICh0LGQpIGluIENhcGUgQnJldG9uIEVuZ2xpc2gucGRmAAATAAEvAAAVAAIAC///AAAACAANABoAJACEAAAAAAAAAgEAAAAAAAAABQAAAAAAAAAAAAAAAAAAAvA=}}

@thesis{Gardner2010,
	author = {Gardner, Matt Hunt},
	date-added = {2023-03-10 16:45:57 +0000},
	date-modified = {2023-03-10 16:50:23 +0000},
	institution = {Memorial University},
	keywords = {Cape Breton, Varieties of English, Canadian Raising},
	location = {{S}t. {J}ohn's, {N}{L}, {C}anada},
	title = {{O}at and a {B}oat: {I}dentity creation through regional speech features in {I}ndustrial {C}ape {B}reton},
	type = {MA thesis},
	year = {2010},
	bdsk-url-1 = {http://research.library.mun.ca/id/eprint/8889}}

@thesis{Gardner2017,
	author = {Gardner, Matt Hunt},
	date-added = {2023-03-10 16:45:57 +0000},
	date-modified = {2023-03-10 16:45:57 +0000},
	institution = {{U}niversity of {T}oronto},
	title = {Grammatical Variation and Change in {I}ndustrial {C}ape {B}reton},
	type = {PhD dissertation},
	year = {2017},
	bdsk-file-1 = {YnBsaXN0MDDSAQIDBFxyZWxhdGl2ZVBhdGhZYWxpYXNEYXRhXxBnLi4vLi4vUmVmZXJlbmNlcy9QYXBlcnMvR2FyZG5lciAoMjAxNykgLSBHcmFtbWF0aWNhbCBWYXJpYXRpb24gYW5kIENoYW5nZSBpbiBJbmR1c3RyaWFsIENhcGUgQnJldG9uLnBkZk8RApAAAAAAApAAAgAADE1hY2ludG9zaCBIRAAAAAAAAAAAAAAAAAAAAOAKb+lCRAAB/////x9HYXJkbmVyICgyMDE3KSAtIEcjRkZGRkZGRkYucGRmAAAAAAAAAAAAAAAAAAAAAAAAAAAAAAAAAAAAAAAAAAD/////1ji4/QAAAAAAAAAAAAIAAwAACiBjdQAAAAAAAAAAAAAAAAAGUGFwZXJzAAIAiy86VXNlcnM6bWF0dDpMaWJyYXJ5OkNsb3VkU3RvcmFnZTpEcm9wYm94OlJlZmVyZW5jZXM6UGFwZXJzOkdhcmRuZXIgKDIwMTcpIC0gR3JhbW1hdGljYWwgVmFyaWF0aW9uIGFuZCBDaGFuZ2UgaW4gSW5kdXN0cmlhbCBDYXBlIEJyZXRvbi5wZGYAAA4AoABPAEcAYQByAGQAbgBlAHIAIAAoADIAMAAxADcAKQAgAC0AIABHAHIAYQBtAG0AYQB0AGkAYwBhAGwAIABWAGEAcgBpAGEAdABpAG8AbgAgAGEAbgBkACAAQwBoAGEAbgBnAGUAIABpAG4AIABJAG4AZAB1AHMAdAByAGkAYQBsACAAQwBhAHAAZQAgAEIAcgBlAHQAbwBuAC4AcABkAGYADwAaAAwATQBhAGMAaQBuAHQAbwBzAGgAIABIAEQAEgCJVXNlcnMvbWF0dC9MaWJyYXJ5L0Nsb3VkU3RvcmFnZS9Ecm9wYm94L1JlZmVyZW5jZXMvUGFwZXJzL0dhcmRuZXIgKDIwMTcpIC0gR3JhbW1hdGljYWwgVmFyaWF0aW9uIGFuZCBDaGFuZ2UgaW4gSW5kdXN0cmlhbCBDYXBlIEJyZXRvbi5wZGYAABMAAS8AABUAAgAL//8AAAAIAA0AGgAkAI4AAAAAAAACAQAAAAAAAAAFAAAAAAAAAAAAAAAAAAADIg==},
	bdsk-url-1 = {http://hdl.handle.net/1807/80940}}

@article{Strobl2009,
	author = {Strobl, Carolin and Malley, James and Tutz, Gerhard},
	date-added = {2023-03-10 16:23:15 +0000},
	date-modified = {2023-03-10 16:23:15 +0000},
	journaltitle = {Psychological Methods},
	number = {4},
	pages = {323--348},
	subtitle = {Rationale, Application, and Characteristics of Classification and Regression Trees, Bagging, and Random Forests.},
	title = {An Introduction to Recursive Partitioning},
	volume = {14},
	year = {2009},
	bdsk-file-1 = {YnBsaXN0MDDSAQIDBFxyZWxhdGl2ZVBhdGhZYWxpYXNEYXRhXxDBLi4vLi4vUmVmZXJlbmNlcy9QYXBlcnMvU3Ryb2JsICYgTWFsbGV5IGV0IGFsICgyMDA5KSAtIEFuIGludHJvZHVjdGlvbiB0byByZWN1cnNpdmUgcGFydGl0aW9uaW5nIFJhdGlvbmFsZSwgYXBwbGljYXRpb24sIGFuZCBjaGFyYWN0ZXJpc3RpY3Mgb2YgY2xhc3NpZmljYXRpb24gYW5kIHJlZ3Jlc3Npb24gdHJlZXMsIGJhZ2dpbmcsLnBkZk8RA/gAAAAAA/gAAgAADE1hY2ludG9zaCBIRAAAAAAAAAAAAAAAAAAAAOAKb+lCRAAB/////x9TdHJvYmwgJiBNYWxsZXkgZXQjRkZGRkZGRkYucGRmAAAAAAAAAAAAAAAAAAAAAAAAAAAAAAAAAAAAAAAAAAD/////2UK+6AAAAAAAAAAAAAIAAwAACiBjdQAAAAAAAAAAAAAAAAAGUGFwZXJzAAIA5S86VXNlcnM6bWF0dDpMaWJyYXJ5OkNsb3VkU3RvcmFnZTpEcm9wYm94OlJlZmVyZW5jZXM6UGFwZXJzOlN0cm9ibCAmIE1hbGxleSBldCBhbCAoMjAwOSkgLSBBbiBpbnRyb2R1Y3Rpb24gdG8gcmVjdXJzaXZlIHBhcnRpdGlvbmluZyBSYXRpb25hbGUsIGFwcGxpY2F0aW9uLCBhbmQgY2hhcmFjdGVyaXN0aWNzIG9mIGNsYXNzaWZpY2F0aW9uIGFuZCByZWdyZXNzaW9uIHRyZWVzLCBiYWdnaW5nLC5wZGYAAA4BVACpAFMAdAByAG8AYgBsACAAJgAgAE0AYQBsAGwAZQB5ACAAZQB0ACAAYQBsACAAKAAyADAAMAA5ACkAIAAtACAAQQBuACAAaQBuAHQAcgBvAGQAdQBjAHQAaQBvAG4AIAB0AG8AIAByAGUAYwB1AHIAcwBpAHYAZQAgAHAAYQByAHQAaQB0AGkAbwBuAGkAbgBnACAAUgBhAHQAaQBvAG4AYQBsAGUALAAgAGEAcABwAGwAaQBjAGEAdABpAG8AbgAsACAAYQBuAGQAIABjAGgAYQByAGEAYwB0AGUAcgBpAHMAdABpAGMAcwAgAG8AZgAgAGMAbABhAHMAcwBpAGYAaQBjAGEAdABpAG8AbgAgAGEAbgBkACAAcgBlAGcAcgBlAHMAcwBpAG8AbgAgAHQAcgBlAGUAcwAsACAAYgBhAGcAZwBpAG4AZwAsAC4AcABkAGYADwAaAAwATQBhAGMAaQBuAHQAbwBzAGgAIABIAEQAEgDjVXNlcnMvbWF0dC9MaWJyYXJ5L0Nsb3VkU3RvcmFnZS9Ecm9wYm94L1JlZmVyZW5jZXMvUGFwZXJzL1N0cm9ibCAmIE1hbGxleSBldCBhbCAoMjAwOSkgLSBBbiBpbnRyb2R1Y3Rpb24gdG8gcmVjdXJzaXZlIHBhcnRpdGlvbmluZyBSYXRpb25hbGUsIGFwcGxpY2F0aW9uLCBhbmQgY2hhcmFjdGVyaXN0aWNzIG9mIGNsYXNzaWZpY2F0aW9uIGFuZCByZWdyZXNzaW9uIHRyZWVzLCBiYWdnaW5nLC5wZGYAABMAAS8AABUAAgAL//8AAAAIAA0AGgAkAOgAAAAAAAACAQAAAAAAAAAFAAAAAAAAAAAAAAAAAAAE5A==}}

@inproceedings{Oshiro2012,
	abstract = {Random Forest is a computationally efficient technique that can operate quickly over large datasets. It has been used in many recent research projects and real-world applications in diverse domains. However, the associated literature provides almost no directions about how many trees should be used to compose a Random Forest. The research reported here analyzes whether there is an optimal number of trees within a Random Forest, i.e., a threshold from which increasing the number of trees would bring no significant performance gain, and would only increase the computational cost. Our main conclusions are: as the number of trees grows, it does not always mean the performance of the forest is significantly better than previous forests (fewer trees), and doubling the number of trees is worthless. It is also possible to state there is a threshold beyond which there is no significant gain, unless a huge computational environment is available. In addition, it was found an experimental relationship for the AUC gain when doubling the number of trees in any forest. Furthermore, as the number of trees grows, the full set of attributes tend to be used within a Random Forest, which may not be interesting in the biomedical domain. Additionally, datasets' density-based metrics proposed here probably capture some aspects of the VC dimension on decision trees and low-density datasets may require large capacity machines whilst the opposite also seems to be true.},
	author = {Oshiro, Thais Mayumi and Perez, Pedro Santoro and Baranauskas, Jos\'e Augusto},
	booktitle = {Machine Learning and Data Mining in Pattern Recognition},
	date-added = {2023-03-10 16:22:00 +0000},
	date-modified = {2023-03-10 16:22:00 +0000},
	editor = {Perner, Petra},
	isbn = {978-3-642-31537-4},
	location = {Berlin},
	pages = {154--168},
	publisher = {Springer},
	title = {How Many Trees in a Random Forest?},
	year = {2012},
	bdsk-file-1 = {YnBsaXN0MDDSAQIDBFxyZWxhdGl2ZVBhdGhZYWxpYXNEYXRhXxBcLi4vLi4vUmVmZXJlbmNlcy9QYXBlcnMvT3NoaXJvICYgUGVyZXpldCBhbCAoMjAxMmEpIC0gSG93IE1hbnkgVHJlZXMgaW4gYSBSYW5kb20gRm9yZXN0Py5wZGZPEQJiAAAAAAJiAAIAAAxNYWNpbnRvc2ggSEQAAAAAAAAAAAAAAAAAAADgCm/pQkQAAf////8fT3NoaXJvICYgUGVyZXpldCBhI0ZGRkZGRkZGLnBkZgAAAAAAAAAAAAAAAAAAAAAAAAAAAAAAAAAAAAAAAAAA/////9pPgLYAAAAAAAAAAAACAAMAAAogY3UAAAAAAAAAAAAAAAAABlBhcGVycwACAIAvOlVzZXJzOm1hdHQ6TGlicmFyeTpDbG91ZFN0b3JhZ2U6RHJvcGJveDpSZWZlcmVuY2VzOlBhcGVyczpPc2hpcm8gJiBQZXJlemV0IGFsICgyMDEyYSkgLSBIb3cgTWFueSBUcmVlcyBpbiBhIFJhbmRvbSBGb3Jlc3Q/LnBkZgAOAIoARABPAHMAaABpAHIAbwAgACYAIABQAGUAcgBlAHoAZQB0ACAAYQBsACAAKAAyADAAMQAyAGEAKQAgAC0AIABIAG8AdwAgAE0AYQBuAHkAIABUAHIAZQBlAHMAIABpAG4AIABhACAAUgBhAG4AZABvAG0AIABGAG8AcgBlAHMAdAA/AC4AcABkAGYADwAaAAwATQBhAGMAaQBuAHQAbwBzAGgAIABIAEQAEgB+VXNlcnMvbWF0dC9MaWJyYXJ5L0Nsb3VkU3RvcmFnZS9Ecm9wYm94L1JlZmVyZW5jZXMvUGFwZXJzL09zaGlybyAmIFBlcmV6ZXQgYWwgKDIwMTJhKSAtIEhvdyBNYW55IFRyZWVzIGluIGEgUmFuZG9tIEZvcmVzdD8ucGRmABMAAS8AABUAAgAL//8AAAAIAA0AGgAkAIMAAAAAAAACAQAAAAAAAAAFAAAAAAAAAAAAAAAAAAAC6Q==}}

@book{Tagliamonte2012,
	author = {Sali A. Tagliamonte},
	booktitle = {Variationist Sociolinguistics},
	date-added = {2023-03-10 16:17:04 +0000},
	date-modified = {2023-03-10 16:17:04 +0000},
	keywords = {Textbook, LVC},
	location = {{M}alden, MA},
	publisher = {{W}iley-{B}lackwell},
	subtitle = {Change, Observation, Interpretation},
	title = {Variationist Sociolinguistics},
	year = {2012},
	bdsk-file-1 = {YnBsaXN0MDDSAQIDBFxyZWxhdGl2ZVBhdGhZYWxpYXNEYXRhXxByLi4vLi4vUmVmZXJlbmNlcy9QYXBlcnMvVGFnbGlhbW9udGUgKDIwMTIpIC0gVmFyaWF0aW9uaXN0IFNvY2lvbGluZ3Vpc3RpY3MgQ2hhbmdlLCBvYnNlcnZhdGlvbiwgaW50ZXJwcmV0YXRpb24ucGRmTxECugAAAAACugACAAAMTWFjaW50b3NoIEhEAAAAAAAAAAAAAAAAAAAA4Apv6UJEAAH/////H1RhZ2xpYW1vbnRlICgyMDEyKSNGRkZGRkZGRi5wZGYAAAAAAAAAAAAAAAAAAAAAAAAAAAAAAAAAAAAAAAAAAP/////YyncVAAAAAAAAAAAAAgADAAAKIGN1AAAAAAAAAAAAAAAAAAZQYXBlcnMAAgCWLzpVc2VyczptYXR0OkxpYnJhcnk6Q2xvdWRTdG9yYWdlOkRyb3Bib3g6UmVmZXJlbmNlczpQYXBlcnM6VGFnbGlhbW9udGUgKDIwMTIpIC0gVmFyaWF0aW9uaXN0IFNvY2lvbGluZ3Vpc3RpY3MgQ2hhbmdlLCBvYnNlcnZhdGlvbiwgaW50ZXJwcmV0YXRpb24ucGRmAA4AtgBaAFQAYQBnAGwAaQBhAG0AbwBuAHQAZQAgACgAMgAwADEAMgApACAALQAgAFYAYQByAGkAYQB0AGkAbwBuAGkAcwB0ACAAUwBvAGMAaQBvAGwAaQBuAGcAdQBpAHMAdABpAGMAcwAgAEMAaABhAG4AZwBlACwAIABvAGIAcwBlAHIAdgBhAHQAaQBvAG4ALAAgAGkAbgB0AGUAcgBwAHIAZQB0AGEAdABpAG8AbgAuAHAAZABmAA8AGgAMAE0AYQBjAGkAbgB0AG8AcwBoACAASABEABIAlFVzZXJzL21hdHQvTGlicmFyeS9DbG91ZFN0b3JhZ2UvRHJvcGJveC9SZWZlcmVuY2VzL1BhcGVycy9UYWdsaWFtb250ZSAoMjAxMikgLSBWYXJpYXRpb25pc3QgU29jaW9saW5ndWlzdGljcyBDaGFuZ2UsIG9ic2VydmF0aW9uLCBpbnRlcnByZXRhdGlvbi5wZGYAEwABLwAAFQACAAv//wAAAAgADQAaACQAmQAAAAAAAAIBAAAAAAAAAAUAAAAAAAAAAAAAAAAAAANX},
	bdsk-file-2 = {YnBsaXN0MDDSAQIDBFxyZWxhdGl2ZVBhdGhZYWxpYXNEYXRhXxByLi4vLi4vUmVmZXJlbmNlcy9QYXBlcnMvVGFnbGlhbW9udGUgKDIwMTIpIC0gVmFyaWF0aW9uaXN0IFNvY2lvbGluZ3Vpc3RpY3MgQ2hhbmdlLCBvYnNlcnZhdGlvbiwgaW50ZXJwcmV0YXRpb24udHh0TxECugAAAAACugACAAAMTWFjaW50b3NoIEhEAAAAAAAAAAAAAAAAAAAA4Apv6UJEAAH/////H1RhZ2xpYW1vbnRlICgyMDEyKSNGRkZGRkZGRi50eHQAAAAAAAAAAAAAAAAAAAAAAAAAAAAAAAAAAAAAAAAAAP/////ZlhKIAAAAAAAAAAAAAgADAAAKIGN1AAAAAAAAAAAAAAAAAAZQYXBlcnMAAgCWLzpVc2VyczptYXR0OkxpYnJhcnk6Q2xvdWRTdG9yYWdlOkRyb3Bib3g6UmVmZXJlbmNlczpQYXBlcnM6VGFnbGlhbW9udGUgKDIwMTIpIC0gVmFyaWF0aW9uaXN0IFNvY2lvbGluZ3Vpc3RpY3MgQ2hhbmdlLCBvYnNlcnZhdGlvbiwgaW50ZXJwcmV0YXRpb24udHh0AA4AtgBaAFQAYQBnAGwAaQBhAG0AbwBuAHQAZQAgACgAMgAwADEAMgApACAALQAgAFYAYQByAGkAYQB0AGkAbwBuAGkAcwB0ACAAUwBvAGMAaQBvAGwAaQBuAGcAdQBpAHMAdABpAGMAcwAgAEMAaABhAG4AZwBlACwAIABvAGIAcwBlAHIAdgBhAHQAaQBvAG4ALAAgAGkAbgB0AGUAcgBwAHIAZQB0AGEAdABpAG8AbgAuAHQAeAB0AA8AGgAMAE0AYQBjAGkAbgB0AG8AcwBoACAASABEABIAlFVzZXJzL21hdHQvTGlicmFyeS9DbG91ZFN0b3JhZ2UvRHJvcGJveC9SZWZlcmVuY2VzL1BhcGVycy9UYWdsaWFtb250ZSAoMjAxMikgLSBWYXJpYXRpb25pc3QgU29jaW9saW5ndWlzdGljcyBDaGFuZ2UsIG9ic2VydmF0aW9uLCBpbnRlcnByZXRhdGlvbi50eHQAEwABLwAAFQACAAv//wAAAAgADQAaACQAmQAAAAAAAAIBAAAAAAAAAAUAAAAAAAAAAAAAAAAAAANX}}

@article{Tagliamonte2012b,
	author = {{T}agliamonte, {S}ali {A}. and {B}aayen, {R}. {H}arald},
	date-added = {2023-03-10 16:17:04 +0000},
	date-modified = {2023-03-10 16:17:04 +0000},
	journaltitle = {{L}anguage {V}ariation and {C}hange},
	number = {2},
	pages = {135--178},
	subtitle = {\textit{Was/were} Variation as a Case Study for Statistical Practice},
	title = {{M}odels, Forests, and Trees Of {Y}ork {E}nglish},
	volume = {24},
	year = {2012},
	bdsk-file-1 = {YnBsaXN0MDDSAQIDBFxyZWxhdGl2ZVBhdGhZYWxpYXNEYXRhXxCXLi4vLi4vUmVmZXJlbmNlcy9QYXBlcnMvVGFnbGlhbW9udGUgJiBCYWF5ZW4gKDIwMTIpIC0gTW9kZWxzLCBmb3Jlc3RzLCBhbmQgdHJlZXMgb2YgWW9yayBFbmdsaXNoIFdhcy13ZXJlIHZhcmlhdGlvbiBhcyBhIGNhc2Ugc3R1ZHkgZm9yIHN0YXRpc3RpY2FsLnBkZk8RA1AAAAAAA1AAAgAADE1hY2ludG9zaCBIRAAAAAAAAAAAAAAAAAAAAOAKb+lCRAAB/////x9UYWdsaWFtb250ZSAmIEJhYXkjRkZGRkZGRkYucGRmAAAAAAAAAAAAAAAAAAAAAAAAAAAAAAAAAAAAAAAAAAD/////2UK7+wAAAAAAAAAAAAIAAwAACiBjdQAAAAAAAAAAAAAAAAAGUGFwZXJzAAIAuy86VXNlcnM6bWF0dDpMaWJyYXJ5OkNsb3VkU3RvcmFnZTpEcm9wYm94OlJlZmVyZW5jZXM6UGFwZXJzOlRhZ2xpYW1vbnRlICYgQmFheWVuICgyMDEyKSAtIE1vZGVscywgZm9yZXN0cywgYW5kIHRyZWVzIG9mIFlvcmsgRW5nbGlzaCBXYXMtd2VyZSB2YXJpYXRpb24gYXMgYSBjYXNlIHN0dWR5IGZvciBzdGF0aXN0aWNhbC5wZGYAAA4BAAB/AFQAYQBnAGwAaQBhAG0AbwBuAHQAZQAgACYAIABCAGEAYQB5AGUAbgAgACgAMgAwADEAMgApACAALQAgAE0AbwBkAGUAbABzACwAIABmAG8AcgBlAHMAdABzACwAIABhAG4AZAAgAHQAcgBlAGUAcwAgAG8AZgAgAFkAbwByAGsAIABFAG4AZwBsAGkAcwBoACAAVwBhAHMALQB3AGUAcgBlACAAdgBhAHIAaQBhAHQAaQBvAG4AIABhAHMAIABhACAAYwBhAHMAZQAgAHMAdAB1AGQAeQAgAGYAbwByACAAcwB0AGEAdABpAHMAdABpAGMAYQBsAC4AcABkAGYADwAaAAwATQBhAGMAaQBuAHQAbwBzAGgAIABIAEQAEgC5VXNlcnMvbWF0dC9MaWJyYXJ5L0Nsb3VkU3RvcmFnZS9Ecm9wYm94L1JlZmVyZW5jZXMvUGFwZXJzL1RhZ2xpYW1vbnRlICYgQmFheWVuICgyMDEyKSAtIE1vZGVscywgZm9yZXN0cywgYW5kIHRyZWVzIG9mIFlvcmsgRW5nbGlzaCBXYXMtd2VyZSB2YXJpYXRpb24gYXMgYSBjYXNlIHN0dWR5IGZvciBzdGF0aXN0aWNhbC5wZGYAABMAAS8AABUAAgAL//8AAAAIAA0AGgAkAL4AAAAAAAACAQAAAAAAAAAFAAAAAAAAAAAAAAAAAAAEEg==}}
